@misc{ oodesign:memento,
    author = "{oodesign author}",
    title = "Pi --- {Memento Pattern - Calculator Example}{,} The Free Encyclopedia",
    year = "2019",
    url = "https://www.oodesign.com/memento-pattern-calculator-example-java-sourcecode.html",
    note = "[Online; accessed 2-August-2019]"
  }