
@misc{ wiki:pi,
    author = "{Wikipedia contributors}",
    title = "Pi --- {Wikipedia}{,} The Free Encyclopedia",
    year = "2019",
    url = "https://en.wikipedia.org/w/index.php?title=Pi&oldid=905449325",
    note = "[Online; accessed 11-July-2019]"
  }
  
